@article{alum:emis,
  author  = {Zorana Lanc and Branko Strbac and Milan Zeljkovic and Aleksandar Zivkovic and Miodrag Hadzistevic},
  journal = {Materials and technology},
  number  = {52},
  title   = {Emissivity Of Aluminium Alloy Using Infrared Thermography Technique},
  volume  = {3},
  year    = {2018}
}

@manual{alum:other,
  organization = {Gleich Aluminium},
  title        = {EN AW 6082 Technical Data Sheet},
  url          = {https://gleich.de/wp-content/uploads/2021/03/en_en_aw_6082.pdf}
}

@techreport{Eber:nazi,
  author      = {G. R. Eber},
  institution = {Peenemünde Army Research Center, German Army Weapons Office},
  title       = {Experimentelle Untersuchung der Bremstemperatur und des Wärmeüberganges an einfachen Körpern bei Überschallgeschwindikeit},
  year        = {1941},
  month       = {November}
}

@techreport{Hans:Aero,
  author      = {Hans Olaf Toft},
  institution = {Dansk Amatør Raket Klub},
  title       = {Simplified aerodynamic heating of rockets  },
  year        = {2014},
  month       = {August}
}

@techreport{naca:compressible,
  author      = {Ames Research Staff},
  institution = {Ames Aeronautical Laboratory, National Advisory Committee For Aeronautics},
  title       = {Equations and Charts for Compressible Flow},
  year        = {1953}
}

@techreport{naca:skintemp,
  author      = {Hsu Lo},
  institution = {Langley Aeronautical Laboratory, National Advisory Committee For Aeronautics},
  title       = {Determination Of Transient Skin Temperature Of Conical Bodies During Short-Time, High-Speed Flight},
  year        = {1948},
  month       = {October}
}

@manual{nasa:stagtemp,
  organization = {NASA Glenn Research Center},
  title        = {Stagnation Temperature Real Gas Effects},
  year         = {2021},
  month        = {May},
  url          = {https://www.grc.nasa.gov/www/BGH/stagtmp.html}
}

@manual{NXP:K66,
  organization = {NXP Semiconductors},
  title        = {Kinetis K66 Sub-Family 180 MHz ARM® Cortex®-M4F Microcontroller},
  number       = {MK66FX1M0VLQ18},
  year         = {2017},
  month        = {April},
  url          = {https://www.nxp.com/docs/en/data-sheet/K66P144M180SF5V2.pdf}
}

@misc{US:Aero,
  author = {National Aeronautics And Space Administration},
  title  = {U.S. Standard Atmosphere Supplements},
  year   = {1966},
  note   = {60deg N, July}
}